@Misc{,
  author = {Data artisan},
  title  = {Apache Flink Training},
  year   = {2016},
  url    = {http://dataartisans.github.io/flink-training/},
  owner={Aruna Kumaraswamy, F16-DG-4034}
}





