@Misc{lambda,
  author = {Michael Hausenblas},
  title  = {Making Sense of it All},
  year   = {2016},
  url    = {https://www.mapr.com/developercentral/lambda-architecture},
  owner={Aruna Kumaraswamy, F16-DG-4034}
}
@Misc{visual,
  author = {Ruhollah Farchtchi},
  title  = {INTERACTIVE VISUALIZATION OF STREAMING DATA POWERED BY SPARK},
  month  = {February},
  year   = {2016},
  url    = {https://spark-summit.org/east-2016/events/interactive-visualization-of-streaming-data-powered-by-spark/},
  owner={Aruna Kumaraswamy, F16-DG-4034}
}







